
@misc{bst_figure,
	title        = {Optimal BST Figure},
	howpublished = {\url{https://qph.fs.quoracdn.net/main-qimg-75a50568e29dd3ddbebf4fa80b4e85d8}}
}

@misc{project_repository,
	title        = {Project Repository containing all relevant code},
	howpublished = {\url{https://github.com/evan-hataishi/ics-674/tree/master/final_project}}
}

@article{zamanifar2007designing,
  title={Designing optimal binary search tree using parallel genetic algorithms},
  author={Zamanifar, K and Koorangi, M},
  journal={International Journal of Computer Science and Network Security},
  volume={7},
  number={1},
  pages={138--146},
  year={2007}
}

@article{fatemi2007new,
  title={A new genetic approach to construct near-optimal binary search trees},
  author={Fatemi, Afsaneh and Zamanifar, Kamran and NematBakhsh, Naser},
  journal={Applied mathematics and computation},
  volume={190},
  number={2},
  pages={1514--1525},
  year={2007},
  publisher={Elsevier}
}
